
@book{world2020global,
  title={Global Investment Competitiveness Report 2019/2020: Rebuilding Investor Confidence in Times of Uncertainty},
  author={World Bank},
  year={2020},
  publisher={The World Bank}
}

@TechReport{RePEc:pra:mprapa:80763,
  author={Bakari, Sayef},
  title={{Why is South Africa Still a Developing Country?}},
  year=2017,
  month=Aug,
  institution={University Library of Munich, Germany},
  type={MPRA Paper},
  url={https://ideas.repec.org/p/pra/mprapa/80763.html},
  number={80763},
}

@article{EngleRobertF.1982ACHw,
author = {Engle, Robert F.},
issn = {0012-9682},
journal = {Econometrica},
pages = {987-1007},
publisher = {The Econometric Society},
number = {4},
title = {Autoregressive Conditional Heteroscedasticity with Estimates of the Variance of United Kingdom Inflation},
volume = {50},
year = {1982},
}

@article{EngleRobert2001G1TU,
author = {Engle, Robert},
issn = {0895-3309},
journal = {The Journal of economic perspectives},
pages = {157-168},
publisher = {American Economic Association},
number = {4},
title = {GARCH 101: The Use of ARCH/GARCH Models in Applied Econometrics},
volume = {15},
year = {2001},
}


@article{BollerslevTim2023RoGA,
author = {Bollerslev, Tim},
copyright = {2023},
issn = {0304-4076},
journal = {Journal of econometrics},
pages = {25-37},
publisher = {Elsevier B.V},
title = {Reprint of: Generalized Autoregressive Conditional Heteroskedasticity},
volume = {234},
year = {2023},
}

@article{BurnsPatrick1998CaVo,
author = {Burns, Patrick and Engle, Robert F and Mezrich, Joseph J},
copyright = {Copyright Euromoney Institutional Investor PLC Summer 1998},
issn = {1074-1240},
journal = {The Journal of derivatives},
pages = {7-18},
publisher = {Pageant Media},
number = {4},
title = {Correlations and Volatilities of Asynchronous Data},
volume = {5},
year = {1998},
}

@article{HassanSyedAun2007MGmo,
author = {Hassan, Syed Aun and Malik, Farooq},
copyright = {2007 Board of Trustees of the University of Illinois},
issn = {1062-9769},
journal = {The Quarterly review of economics and finance},
pages = {470-480},
publisher = {Elsevier Inc},
number = {3},
title = {Multivariate GARCH modeling of sector volatility transmission},
volume = {47},
year = {2007},
}







